@misc{cousaert2021sok,
      title={{SoK: Yield Aggregators in DeFi}}, 
      author={Simon Cousaert and Jiahua Xu and Toshiko Matsui},
      year={2021},
      eprint={2105.13891},
      archivePrefix={arXiv},
      primaryClass={q-fin.PM},
      url={https://arxiv.org/pdf/2105.13891.pdf}
}

@misc{yearn,
    title={{Yearn Protocol Documentation}},
    author={{Yearn Finance}},
    url={{https://docs.yearn.finance}},
    year={2020}
}

@misc{compound,
title={{Compound: The Money Market Protocol}},
year={2019},
author={Robert Leshner and Geoffrey Hayes},
url={https://compound.finance/documents/Compound.Whitepaper.pdf}
}

@misc{aave,
    title={{Aave Protocol Whitepaper}},
    author={{Aave}},
    url={{https://github.com/aave/protocol-v2/blob/master/aave-v2-whitepaper.pdf}},
    year={2020}
}

@misc{cream,
    title={{C.R.E.A.M. Protocol Documentation}},
    author={{C.R.E.A.M. Finance}},
    url={{https://docs.cream.finance}},
    year={2020}
}

@misc{bZx,
    title={{bZx Litepaper}},
    author={{bZx}},
    url={{https://bzx.network/pdfs/bZx_lite_paper.pdf}},
    year={2018}
}

@misc{dYdX,
    title={{dYdX: A Standard for Decentralized Margin Trading and Derivatives}},
    author={Antonio Juliano},
    url={{https://whitepaper.dydx.exchange}},
    year={2017}
}

@misc{rari,
title={{Rari Capital: Fuse Documentation}},
year={2020},
author={{Rari Capital}},
url={https://docs.rari.capital/fuse}
}

@book{knapsack,
author = {Martello, Silvano and Toth, Paolo},
title = {{Knapsack Problems: Algorithms and Computer Implementations}},
year = {1990},
isbn = {0471924202},
address = {USA}
}

@misc{proxycontracts,
title={{Solidity Patterns: Proxy Delegate}},
year={2018},
author={Franz Volland},
url={https://fravoll.github.io/solidity-patterns/proxy_delegate.html}
}
